%YAML 1.1
%TAG !u! tag:unity3d.com,2011:
--- !u!136 &8384516486042257182
CapsuleCollider:
  m_ObjectHideFlags: 0
  m_CorrespondingSourceObject: {fileID: 0}
  m_PrefabInstance: {fileID: 0}
  m_PrefabAsset: {fileID: 0}
  m_GameObject: {fileID: 2601779590901047179}
  m_Material: {fileID: 0}
  m_IsTrigger: 0
  m_Enabled: 1
  m_Radius: 0.1
  m_Height: 0.25
  m_Direction: 1
  m_Center: {x: 0, y: 0.1, z: 0}
--- !u!1 &4012366556960152470
GameObject:
  m_ObjectHideFlags: 0
  m_CorrespondingSourceObject: {fileID: 0}
  m_PrefabInstance: {fileID: 0}
  m_PrefabAsset: {fileID: 0}
  serializedVersion: 6
  m_Component:
  - component: {fileID: 6033031044053272354}
  - component: {fileID: 2907946536693037164}
  m_Layer: 2
  m_Name: Glowshrooms Big 2
  m_TagString: Untagged
  m_Icon: {fileID: 0}
  m_NavMeshLayer: 0
  m_StaticEditorFlags: 0
  m_IsActive: 1
--- !u!4 &6033031044053272354
Transform:
  m_ObjectHideFlags: 0
  m_CorrespondingSourceObject: {fileID: 0}
  m_PrefabInstance: {fileID: 0}
  m_PrefabAsset: {fileID: 0}
  m_GameObject: {fileID: 4012366556960152470}
  m_LocalRotation: {x: 0, y: 0, z: 0, w: 1}
  m_LocalPosition: {x: -85, y: 2.5, z: 65}
  m_LocalScale: {x: 1, y: 1, z: 1}
  m_Children:
  - {fileID: 5626822031966206270}
  - {fileID: 2601779590900941739}
  m_Father: {fileID: 0}
  m_RootOrder: 0
  m_LocalEulerAnglesHint: {x: 0, y: 0, z: 0}
--- !u!114 &2907946536693037164
MonoBehaviour:
  m_ObjectHideFlags: 0
  m_CorrespondingSourceObject: {fileID: 0}
  m_PrefabInstance: {fileID: 0}
  m_PrefabAsset: {fileID: 0}
  m_GameObject: {fileID: 4012366556960152470}
  m_Enabled: 1
  m_EditorHideFlags: 0
  m_Script: {fileID: 11500000, guid: d8be688537cf36e41ac99440f8394674, type: 3}
  m_Name: 
  m_EditorClassIdentifier: 
  OptionalItems: []
  RemovalChance: 0
  RotationRange: {x: 0, y: 360}
  ScaleRange: {x: 0.7, y: 1.3}
--- !u!1 &4729794172281807086
GameObject:
  m_ObjectHideFlags: 0
  m_CorrespondingSourceObject: {fileID: 0}
  m_PrefabInstance: {fileID: 0}
  m_PrefabAsset: {fileID: 0}
  serializedVersion: 6
  m_Component:
  - component: {fileID: 5626822031966206270}
  - component: {fileID: 1993508346724370774}
  m_Layer: 2
  m_Name: Point Light
  m_TagString: Untagged
  m_Icon: {fileID: 0}
  m_NavMeshLayer: 0
  m_StaticEditorFlags: 0
  m_IsActive: 1
--- !u!4 &5626822031966206270
Transform:
  m_ObjectHideFlags: 0
  m_CorrespondingSourceObject: {fileID: 0}
  m_PrefabInstance: {fileID: 0}
  m_PrefabAsset: {fileID: 0}
  m_GameObject: {fileID: 4729794172281807086}
  m_LocalRotation: {x: 0, y: 0, z: 0, w: 1}
  m_LocalPosition: {x: 0.16, y: 5.47, z: -1.61}
  m_LocalScale: {x: 1, y: 1, z: 1}
  m_Children: []
  m_Father: {fileID: 6033031044053272354}
  m_RootOrder: 0
  m_LocalEulerAnglesHint: {x: 0, y: 0, z: 0}
--- !u!108 &1993508346724370774
Light:
  m_ObjectHideFlags: 0
  m_CorrespondingSourceObject: {fileID: 0}
  m_PrefabInstance: {fileID: 0}
  m_PrefabAsset: {fileID: 0}
  m_GameObject: {fileID: 4729794172281807086}
  m_Enabled: 1
  serializedVersion: 9
  m_Type: 2
  m_Color: {r: 0.3803922, g: 0.7803922, b: 0.9490197, a: 1}
  m_Intensity: 2
  m_Range: 12
  m_SpotAngle: 30
  m_InnerSpotAngle: 21.80208
  m_CookieSize: 10
  m_Shadows:
    m_Type: 0
    m_Resolution: -1
    m_CustomResolution: -1
    m_Strength: 1
    m_Bias: 0.05
    m_NormalBias: 0.4
    m_NearPlane: 0.2
    m_CullingMatrixOverride:
      e00: 1
      e01: 0
      e02: 0
      e03: 0
      e10: 0
      e11: 1
      e12: 0
      e13: 0
      e20: 0
      e21: 0
      e22: 1
      e23: 0
      e30: 0
      e31: 0
      e32: 0
      e33: 1
    m_UseCullingMatrixOverride: 0
  m_Cookie: {fileID: 0}
  m_DrawHalo: 0
  m_Flare: {fileID: 0}
  m_RenderMode: 0
  m_CullingMask:
    serializedVersion: 2
    m_Bits: 4294967295
  m_RenderingLayerMask: 1
  m_Lightmapping: 4
  m_LightShadowCasterMode: 0
  m_AreaSize: {x: 1, y: 1}
  m_BounceIntensity: 1
  m_ColorTemperature: 6570
  m_UseColorTemperature: 0
  m_BoundingSphereOverride: {x: 0, y: 0, z: 0, w: 0}
  m_UseBoundingSphereOverride: 0
  m_ShadowRadius: 0
  m_ShadowAngle: 0
--- !u!1001 &2601779590901078315
PrefabInstance:
  m_ObjectHideFlags: 0
  serializedVersion: 2
  m_Modification:
    m_TransformParent: {fileID: 6033031044053272354}
    m_Modifications:
    - target: {fileID: 100000, guid: bcc237065745d9d44985ba829a62c79e, type: 3}
      propertyPath: m_Name
      value: Mushroom_d_b_02
      objectReference: {fileID: 0}
    - target: {fileID: 100000, guid: bcc237065745d9d44985ba829a62c79e, type: 3}
      propertyPath: m_Layer
      value: 2
      objectReference: {fileID: 0}
    - target: {fileID: 100002, guid: bcc237065745d9d44985ba829a62c79e, type: 3}
      propertyPath: m_Layer
      value: 2
      objectReference: {fileID: 0}
    - target: {fileID: 100004, guid: bcc237065745d9d44985ba829a62c79e, type: 3}
      propertyPath: m_Layer
      value: 2
      objectReference: {fileID: 0}
    - target: {fileID: 400000, guid: bcc237065745d9d44985ba829a62c79e, type: 3}
      propertyPath: m_LocalPosition.x
      value: 0
      objectReference: {fileID: 0}
    - target: {fileID: 400000, guid: bcc237065745d9d44985ba829a62c79e, type: 3}
      propertyPath: m_LocalPosition.y
      value: 0
      objectReference: {fileID: 0}
    - target: {fileID: 400000, guid: bcc237065745d9d44985ba829a62c79e, type: 3}
      propertyPath: m_LocalPosition.z
      value: 0
      objectReference: {fileID: 0}
    - target: {fileID: 400000, guid: bcc237065745d9d44985ba829a62c79e, type: 3}
      propertyPath: m_LocalRotation.x
      value: 0
      objectReference: {fileID: 0}
    - target: {fileID: 400000, guid: bcc237065745d9d44985ba829a62c79e, type: 3}
      propertyPath: m_LocalRotation.y
      value: 0
      objectReference: {fileID: 0}
    - target: {fileID: 400000, guid: bcc237065745d9d44985ba829a62c79e, type: 3}
      propertyPath: m_LocalRotation.z
      value: 0
      objectReference: {fileID: 0}
    - target: {fileID: 400000, guid: bcc237065745d9d44985ba829a62c79e, type: 3}
      propertyPath: m_LocalRotation.w
      value: 1
      objectReference: {fileID: 0}
    - target: {fileID: 400000, guid: bcc237065745d9d44985ba829a62c79e, type: 3}
      propertyPath: m_RootOrder
      value: 1
      objectReference: {fileID: 0}
    - target: {fileID: 400000, guid: bcc237065745d9d44985ba829a62c79e, type: 3}
      propertyPath: m_LocalEulerAnglesHint.x
      value: 0
      objectReference: {fileID: 0}
    - target: {fileID: 400000, guid: bcc237065745d9d44985ba829a62c79e, type: 3}
      propertyPath: m_LocalEulerAnglesHint.y
      value: 0
      objectReference: {fileID: 0}
    - target: {fileID: 400000, guid: bcc237065745d9d44985ba829a62c79e, type: 3}
      propertyPath: m_LocalEulerAnglesHint.z
      value: 0
      objectReference: {fileID: 0}
    - target: {fileID: 400000, guid: bcc237065745d9d44985ba829a62c79e, type: 3}
      propertyPath: m_LocalScale.x
      value: 35
      objectReference: {fileID: 0}
    - target: {fileID: 400000, guid: bcc237065745d9d44985ba829a62c79e, type: 3}
      propertyPath: m_LocalScale.y
      value: 40
      objectReference: {fileID: 0}
    - target: {fileID: 400000, guid: bcc237065745d9d44985ba829a62c79e, type: 3}
      propertyPath: m_LocalScale.z
      value: 35
      objectReference: {fileID: 0}
    m_RemovedComponents: []
  m_SourcePrefab: {fileID: 100100000, guid: bcc237065745d9d44985ba829a62c79e, type: 3}
--- !u!1 &2601779590901047179 stripped
GameObject:
  m_CorrespondingSourceObject: {fileID: 100000, guid: bcc237065745d9d44985ba829a62c79e,
    type: 3}
  m_PrefabInstance: {fileID: 2601779590901078315}
  m_PrefabAsset: {fileID: 0}
--- !u!4 &2601779590900941739 stripped
Transform:
  m_CorrespondingSourceObject: {fileID: 400000, guid: bcc237065745d9d44985ba829a62c79e,
    type: 3}
  m_PrefabInstance: {fileID: 2601779590901078315}
  m_PrefabAsset: {fileID: 0}
