%YAML 1.1
%TAG !u! tag:unity3d.com,2011:
--- !u!1 &607654519266946294
GameObject:
  m_ObjectHideFlags: 0
  m_CorrespondingSourceObject: {fileID: 0}
  m_PrefabInstance: {fileID: 0}
  m_PrefabAsset: {fileID: 0}
  serializedVersion: 6
  m_Component:
  - component: {fileID: 1325015169459776639}
  - component: {fileID: 2852809268698632873}
  - component: {fileID: 5963675322000385748}
  m_Layer: 2
  m_Name: SightRange
  m_TagString: Untagged
  m_Icon: {fileID: 0}
  m_NavMeshLayer: 0
  m_StaticEditorFlags: 0
  m_IsActive: 1
--- !u!4 &1325015169459776639
Transform:
  m_ObjectHideFlags: 0
  m_CorrespondingSourceObject: {fileID: 0}
  m_PrefabInstance: {fileID: 0}
  m_PrefabAsset: {fileID: 0}
  m_GameObject: {fileID: 607654519266946294}
  m_LocalRotation: {x: 0, y: 0, z: 0, w: 1}
  m_LocalPosition: {x: 0, y: 0, z: 0}
  m_LocalScale: {x: 1, y: 1, z: 1}
  m_Children: []
  m_Father: {fileID: 2228958995755268843}
  m_RootOrder: 2
  m_LocalEulerAnglesHint: {x: 0, y: 0, z: 0}
--- !u!135 &2852809268698632873
SphereCollider:
  m_ObjectHideFlags: 0
  m_CorrespondingSourceObject: {fileID: 0}
  m_PrefabInstance: {fileID: 0}
  m_PrefabAsset: {fileID: 0}
  m_GameObject: {fileID: 607654519266946294}
  m_Material: {fileID: 0}
  m_IsTrigger: 1
  m_Enabled: 1
  serializedVersion: 2
  m_Radius: 22
  m_Center: {x: 0, y: 0, z: 0}
--- !u!114 &5963675322000385748
MonoBehaviour:
  m_ObjectHideFlags: 0
  m_CorrespondingSourceObject: {fileID: 0}
  m_PrefabInstance: {fileID: 0}
  m_PrefabAsset: {fileID: 0}
  m_GameObject: {fileID: 607654519266946294}
  m_Enabled: 1
  m_EditorHideFlags: 0
  m_Script: {fileID: 11500000, guid: 530750436d394df48ba065d1aee9acf8, type: 3}
  m_Name: 
  m_EditorClassIdentifier: 
  SightRange: 0.5
--- !u!1 &1418759585404088223
GameObject:
  m_ObjectHideFlags: 0
  m_CorrespondingSourceObject: {fileID: 0}
  m_PrefabInstance: {fileID: 0}
  m_PrefabAsset: {fileID: 0}
  serializedVersion: 6
  m_Component:
  - component: {fileID: 126486045462906012}
  - component: {fileID: 1931171642945829722}
  m_Layer: 0
  m_Name: AttackSpawn
  m_TagString: Untagged
  m_Icon: {fileID: 0}
  m_NavMeshLayer: 0
  m_StaticEditorFlags: 0
  m_IsActive: 1
--- !u!4 &126486045462906012
Transform:
  m_ObjectHideFlags: 0
  m_CorrespondingSourceObject: {fileID: 0}
  m_PrefabInstance: {fileID: 0}
  m_PrefabAsset: {fileID: 0}
  m_GameObject: {fileID: 1418759585404088223}
  m_LocalRotation: {x: 0, y: 0, z: 0, w: 1}
  m_LocalPosition: {x: 0, y: 2, z: 7}
  m_LocalScale: {x: 1, y: 1, z: 1}
  m_Children: []
  m_Father: {fileID: 2228958995755268843}
  m_RootOrder: 6
  m_LocalEulerAnglesHint: {x: 0, y: 0, z: 0}
--- !u!114 &1931171642945829722
MonoBehaviour:
  m_ObjectHideFlags: 0
  m_CorrespondingSourceObject: {fileID: 0}
  m_PrefabInstance: {fileID: 0}
  m_PrefabAsset: {fileID: 0}
  m_GameObject: {fileID: 1418759585404088223}
  m_Enabled: 1
  m_EditorHideFlags: 0
  m_Script: {fileID: 11500000, guid: 3c00130930bc4a14f9697f94bb3d42f4, type: 3}
  m_Name: 
  m_EditorClassIdentifier: 
  Source: {fileID: -3975048596733923046}
  MagicMissileProjectile: {fileID: 0}
  FireballProjectile: {fileID: 0}
  FireballAltProjectile: {fileID: 0}
  VoidProjectile: {fileID: 0}
  TackleCollider: {fileID: 2309789627975045749, guid: b5c104b7dcfbfd044a58b2865b6514cb,
    type: 3}
  ChargeCollider: {fileID: 279850270783620970, guid: 54fcdaf4cee244d4c82110e256b28f39,
    type: 3}
  PounceCollider: {fileID: 0}
--- !u!1 &2228958995755268757
GameObject:
  m_ObjectHideFlags: 0
  m_CorrespondingSourceObject: {fileID: 0}
  m_PrefabInstance: {fileID: 0}
  m_PrefabAsset: {fileID: 0}
  serializedVersion: 6
  m_Component:
  - component: {fileID: 2228958995755268843}
  - component: {fileID: -3975048596733923046}
  - component: {fileID: 2228958995755268841}
  - component: {fileID: 2228958995755268842}
  - component: {fileID: 8578475876151184391}
  m_Layer: 12
  m_Name: Turtleshell
  m_TagString: Monster
  m_Icon: {fileID: 0}
  m_NavMeshLayer: 0
  m_StaticEditorFlags: 0
  m_IsActive: 1
--- !u!4 &2228958995755268843
Transform:
  m_ObjectHideFlags: 0
  m_CorrespondingSourceObject: {fileID: 0}
  m_PrefabInstance: {fileID: 0}
  m_PrefabAsset: {fileID: 0}
  m_GameObject: {fileID: 2228958995755268757}
  m_LocalRotation: {x: 0, y: 0, z: 0, w: 1}
  m_LocalPosition: {x: 5, y: 2.5, z: 5}
  m_LocalScale: {x: 1, y: 1, z: 1}
  m_Children:
  - {fileID: 2233702788353395175}
  - {fileID: 7240364417006956407}
  - {fileID: 1325015169459776639}
  - {fileID: 6256585413991981698}
  - {fileID: 4845285466061382610}
  - {fileID: 653928472105061215}
  - {fileID: 126486045462906012}
  - {fileID: 7759916037055959176}
  m_Father: {fileID: 0}
  m_RootOrder: 0
  m_LocalEulerAnglesHint: {x: 0, y: 0, z: 0}
--- !u!114 &-3975048596733923046
MonoBehaviour:
  m_ObjectHideFlags: 0
  m_CorrespondingSourceObject: {fileID: 0}
  m_PrefabInstance: {fileID: 0}
  m_PrefabAsset: {fileID: 0}
  m_GameObject: {fileID: 2228958995755268757}
  m_Enabled: 1
  m_EditorHideFlags: 0
  m_Script: {fileID: 11500000, guid: bd789f3cd3decaa41a3ed49c1c1784e2, type: 3}
  m_Name: 
  m_EditorClassIdentifier: 
  WalkingSpeed: 3.5
  RunningSpeed: 10
  animator: {fileID: 2286847814303583285}
  AnimatorIdleSpeed: 1
  AnimatorWalkSpeed: 1.1
  AnimatorRunSpeed: 0.6
  isRunning: 0
  Immortal: 0
  HPBar: {fileID: 7240364417006956405}
  MPBar: {fileID: 0}
  ArmorBar: {fileID: 0}
  MaxHPRange: {x: 16, y: 21}
  MaxHP: 0
  CurrentHP: 0
  CurrentArmor: 0
  MaxMP: 100
  CurrentMP: 0
  Attack: {x: 120, y: 185}
  Defense: {x: 40, y: 55}
  CharacterLevel: 1
  AttackLevel: 1
  DefenseLevel: 1
  RecoveryRate: 1.5
  RecoveryPotency: {x: 0.05, y: 0.1}
  RecoveryDelay: 15
  MPRecoveryRate: 1.5
  MPRecoveryPotency: {x: 0, y: 0}
  AttackSpawn: {fileID: 1931171642945829722}
  Audio: {fileID: 8578475876151184391}
  HitSound: {fileID: 8300000, guid: 8ea12f7c9aaf0c54ca851ce5b73e93f9, type: 3}
  StepSoundWalk: {fileID: 8300000, guid: 1ba8460f046d0144c882956909c66234, type: 3}
  StepSoundRun: {fileID: 8300000, guid: e139fc718a993c841aaafb931bf671d9, type: 3}
  StepFrequencyWalk: 1.2
  StepFrequencyRun: 0.8
  Loot: []
  BaseExp: 1.5
  Moveset: 0000000001000000
  MoveAnimationSpeed:
  - 1
  - 1
  - 1
  MoveAnimationTrigger:
  - Attack1
  - Attack2
  - Attack2
  AnimatorHitSpeed: 2
  AnimatorDieSpeed: 1
  AnimatorLookSpeed: 1
  AnimatorAlertSpeed: 1
  AnimatorStunSpeed: 1
  ChaseRange: {fileID: 5667598232836369089}
  SightRange: {fileID: 607654519266946294}
  mMap: {fileID: 0}
  DeathSound: {fileID: 8300000, guid: e5a2d65393e8f1e43ae6800c39878d86, type: 3}
  AlertSound: {fileID: 8300000, guid: dd6741c934af8f940a96690a70d719b9, type: 3}
  MoveSound:
  - {fileID: 8300000, guid: 61d62e78a0b68234f9929dee7fe4d774, type: 3}
  - {fileID: 8300000, guid: acd4ae47c72d92e418c16b43bb92a360, type: 3}
  - {fileID: 8300000, guid: acd4ae47c72d92e418c16b43bb92a360, type: 3}
  monsterState: 0
  Marker: {fileID: 5537873966202797853}
--- !u!54 &2228958995755268841
Rigidbody:
  m_ObjectHideFlags: 0
  m_CorrespondingSourceObject: {fileID: 0}
  m_PrefabInstance: {fileID: 0}
  m_PrefabAsset: {fileID: 0}
  m_GameObject: {fileID: 2228958995755268757}
  serializedVersion: 2
  m_Mass: 1
  m_Drag: 0
  m_AngularDrag: 0
  m_UseGravity: 0
  m_IsKinematic: 1
  m_Interpolate: 0
  m_Constraints: 80
  m_CollisionDetection: 0
--- !u!135 &2228958995755268842
SphereCollider:
  m_ObjectHideFlags: 0
  m_CorrespondingSourceObject: {fileID: 0}
  m_PrefabInstance: {fileID: 0}
  m_PrefabAsset: {fileID: 0}
  m_GameObject: {fileID: 2228958995755268757}
  m_Material: {fileID: 0}
  m_IsTrigger: 0
  m_Enabled: 1
  serializedVersion: 2
  m_Radius: 2.5
  m_Center: {x: 0, y: 0.86, z: -0.2}
--- !u!82 &8578475876151184391
AudioSource:
  m_ObjectHideFlags: 0
  m_CorrespondingSourceObject: {fileID: 0}
  m_PrefabInstance: {fileID: 0}
  m_PrefabAsset: {fileID: 0}
  m_GameObject: {fileID: 2228958995755268757}
  m_Enabled: 1
  serializedVersion: 4
  OutputAudioMixerGroup: {fileID: -6860981046510046403, guid: b892a4a1069d8b240a88bae9b7fa03f9,
    type: 2}
  m_audioClip: {fileID: 0}
  m_PlayOnAwake: 1
  m_Volume: 0.5
  m_Pitch: 1
  Loop: 0
  Mute: 0
  Spatialize: 0
  SpatializePostEffects: 0
  Priority: 128
  DopplerLevel: 1
  MinDistance: 10
  MaxDistance: 65
  Pan2D: 0
  rolloffMode: 2
  BypassEffects: 0
  BypassListenerEffects: 0
  BypassReverbZones: 0
  rolloffCustomCurve:
    serializedVersion: 2
    m_Curve:
    - serializedVersion: 3
      time: 0.125
      value: 1
      inSlope: -8.0032
      outSlope: -8.0032
      tangentMode: 0
      weightedMode: 0
      inWeight: 0
      outWeight: 0
    - serializedVersion: 3
      time: 0.25
      value: 0.5
      inSlope: -2.0008
      outSlope: -2.0008
      tangentMode: 0
      weightedMode: 0
      inWeight: 0
      outWeight: 0
    - serializedVersion: 3
      time: 0.59342957
      value: 0.11759949
      inSlope: -0.5002
      outSlope: -0.5002
      tangentMode: 0
      weightedMode: 0
      inWeight: 0
      outWeight: 0
    - serializedVersion: 3
      time: 1
      value: 0
      inSlope: -0.13627401
      outSlope: -0.13627401
      tangentMode: 0
      weightedMode: 0
      inWeight: 0.3737024
      outWeight: 0
    m_PreInfinity: 2
    m_PostInfinity: 2
    m_RotationOrder: 4
  panLevelCustomCurve:
    serializedVersion: 2
    m_Curve:
    - serializedVersion: 3
      time: 0
      value: 1
      inSlope: 0
      outSlope: 0
      tangentMode: 0
      weightedMode: 0
      inWeight: 0.33333334
      outWeight: 0.33333334
    m_PreInfinity: 2
    m_PostInfinity: 2
    m_RotationOrder: 4
  spreadCustomCurve:
    serializedVersion: 2
    m_Curve:
    - serializedVersion: 3
      time: 0
      value: 0
      inSlope: 0
      outSlope: 0
      tangentMode: 0
      weightedMode: 0
      inWeight: 0.33333334
      outWeight: 0.33333334
    m_PreInfinity: 2
    m_PostInfinity: 2
    m_RotationOrder: 4
  reverbZoneMixCustomCurve:
    serializedVersion: 2
    m_Curve:
    - serializedVersion: 3
      time: 0
      value: 1
      inSlope: 0
      outSlope: 0
      tangentMode: 0
      weightedMode: 0
      inWeight: 0.33333334
      outWeight: 0.33333334
    m_PreInfinity: 2
    m_PostInfinity: 2
    m_RotationOrder: 4
--- !u!1 &5003081189328056115
GameObject:
  m_ObjectHideFlags: 0
  m_CorrespondingSourceObject: {fileID: 0}
  m_PrefabInstance: {fileID: 0}
  m_PrefabAsset: {fileID: 0}
  serializedVersion: 6
  m_Component:
  - component: {fileID: 653928472105061215}
  - component: {fileID: 106268877310255248}
  m_Layer: 13
  m_Name: TileCollider
  m_TagString: TileCollider
  m_Icon: {fileID: 0}
  m_NavMeshLayer: 0
  m_StaticEditorFlags: 0
  m_IsActive: 1
--- !u!4 &653928472105061215
Transform:
  m_ObjectHideFlags: 0
  m_CorrespondingSourceObject: {fileID: 0}
  m_PrefabInstance: {fileID: 0}
  m_PrefabAsset: {fileID: 0}
  m_GameObject: {fileID: 5003081189328056115}
  m_LocalRotation: {x: 0, y: 0, z: 0, w: 1}
  m_LocalPosition: {x: 0, y: 0, z: 0}
  m_LocalScale: {x: 1, y: 1, z: 1}
  m_Children: []
  m_Father: {fileID: 2228958995755268843}
  m_RootOrder: 5
  m_LocalEulerAnglesHint: {x: 0, y: 0, z: 0}
--- !u!135 &106268877310255248
SphereCollider:
  m_ObjectHideFlags: 0
  m_CorrespondingSourceObject: {fileID: 0}
  m_PrefabInstance: {fileID: 0}
  m_PrefabAsset: {fileID: 0}
  m_GameObject: {fileID: 5003081189328056115}
  m_Material: {fileID: 0}
  m_IsTrigger: 1
  m_Enabled: 1
  serializedVersion: 2
  m_Radius: 0.8
  m_Center: {x: 0, y: -0.5, z: 0}
--- !u!1 &5667598232836369089
GameObject:
  m_ObjectHideFlags: 0
  m_CorrespondingSourceObject: {fileID: 0}
  m_PrefabInstance: {fileID: 0}
  m_PrefabAsset: {fileID: 0}
  serializedVersion: 6
  m_Component:
  - component: {fileID: 6256585413991981698}
  - component: {fileID: 1876307973332630955}
  - component: {fileID: 4445723791793486011}
  m_Layer: 2
  m_Name: ChaseRange
  m_TagString: Untagged
  m_Icon: {fileID: 0}
  m_NavMeshLayer: 0
  m_StaticEditorFlags: 0
  m_IsActive: 0
--- !u!4 &6256585413991981698
Transform:
  m_ObjectHideFlags: 0
  m_CorrespondingSourceObject: {fileID: 0}
  m_PrefabInstance: {fileID: 0}
  m_PrefabAsset: {fileID: 0}
  m_GameObject: {fileID: 5667598232836369089}
  m_LocalRotation: {x: 0, y: 0, z: 0, w: 1}
  m_LocalPosition: {x: 0, y: 0, z: 0}
  m_LocalScale: {x: 1, y: 1, z: 1}
  m_Children: []
  m_Father: {fileID: 2228958995755268843}
  m_RootOrder: 3
  m_LocalEulerAnglesHint: {x: 0, y: 0, z: 0}
--- !u!135 &1876307973332630955
SphereCollider:
  m_ObjectHideFlags: 0
  m_CorrespondingSourceObject: {fileID: 0}
  m_PrefabInstance: {fileID: 0}
  m_PrefabAsset: {fileID: 0}
  m_GameObject: {fileID: 5667598232836369089}
  m_Material: {fileID: 0}
  m_IsTrigger: 1
  m_Enabled: 1
  serializedVersion: 2
  m_Radius: 80
  m_Center: {x: 0, y: 0, z: 0}
--- !u!114 &4445723791793486011
MonoBehaviour:
  m_ObjectHideFlags: 0
  m_CorrespondingSourceObject: {fileID: 0}
  m_PrefabInstance: {fileID: 0}
  m_PrefabAsset: {fileID: 0}
  m_GameObject: {fileID: 5667598232836369089}
  m_Enabled: 1
  m_EditorHideFlags: 0
  m_Script: {fileID: 11500000, guid: 6819cdc963319c64a917819a10871829, type: 3}
  m_Name: 
  m_EditorClassIdentifier: 
--- !u!1 &6307747776117772091
GameObject:
  m_ObjectHideFlags: 0
  m_CorrespondingSourceObject: {fileID: 0}
  m_PrefabInstance: {fileID: 0}
  m_PrefabAsset: {fileID: 0}
  serializedVersion: 6
  m_Component:
  - component: {fileID: 4845285466061382610}
  - component: {fileID: 848612182799151045}
  m_Layer: 0
  m_Name: ClickRange
  m_TagString: RaycastMonster
  m_Icon: {fileID: 0}
  m_NavMeshLayer: 0
  m_StaticEditorFlags: 0
  m_IsActive: 1
--- !u!4 &4845285466061382610
Transform:
  m_ObjectHideFlags: 0
  m_CorrespondingSourceObject: {fileID: 0}
  m_PrefabInstance: {fileID: 0}
  m_PrefabAsset: {fileID: 0}
  m_GameObject: {fileID: 6307747776117772091}
  m_LocalRotation: {x: 0, y: 0, z: 0, w: 1}
  m_LocalPosition: {x: 0, y: 0, z: 0}
  m_LocalScale: {x: 1, y: 1, z: 1}
  m_Children: []
  m_Father: {fileID: 2228958995755268843}
  m_RootOrder: 4
  m_LocalEulerAnglesHint: {x: 0, y: 0, z: 0}
--- !u!135 &848612182799151045
SphereCollider:
  m_ObjectHideFlags: 0
  m_CorrespondingSourceObject: {fileID: 0}
  m_PrefabInstance: {fileID: 0}
  m_PrefabAsset: {fileID: 0}
  m_GameObject: {fileID: 6307747776117772091}
  m_Material: {fileID: 0}
  m_IsTrigger: 1
  m_Enabled: 1
  serializedVersion: 2
  m_Radius: 4.5
  m_Center: {x: 0, y: 2, z: 0}
--- !u!1001 &2228958996995804063
PrefabInstance:
  m_ObjectHideFlags: 0
  serializedVersion: 2
  m_Modification:
    m_TransformParent: {fileID: 2228958995755268843}
    m_Modifications:
    - target: {fileID: 1774625739149480, guid: 38efdaadbfe1d624bbee439cb02e7661, type: 3}
      propertyPath: m_Name
      value: TurtleShellPBR
      objectReference: {fileID: 0}
    - target: {fileID: 4906828391645816, guid: 38efdaadbfe1d624bbee439cb02e7661, type: 3}
      propertyPath: m_LocalPosition.x
      value: 0
      objectReference: {fileID: 0}
    - target: {fileID: 4906828391645816, guid: 38efdaadbfe1d624bbee439cb02e7661, type: 3}
      propertyPath: m_LocalPosition.y
      value: 0
      objectReference: {fileID: 0}
    - target: {fileID: 4906828391645816, guid: 38efdaadbfe1d624bbee439cb02e7661, type: 3}
      propertyPath: m_LocalPosition.z
      value: 0
      objectReference: {fileID: 0}
    - target: {fileID: 4906828391645816, guid: 38efdaadbfe1d624bbee439cb02e7661, type: 3}
      propertyPath: m_LocalRotation.x
      value: 0
      objectReference: {fileID: 0}
    - target: {fileID: 4906828391645816, guid: 38efdaadbfe1d624bbee439cb02e7661, type: 3}
      propertyPath: m_LocalRotation.y
      value: 0
      objectReference: {fileID: 0}
    - target: {fileID: 4906828391645816, guid: 38efdaadbfe1d624bbee439cb02e7661, type: 3}
      propertyPath: m_LocalRotation.z
      value: 0
      objectReference: {fileID: 0}
    - target: {fileID: 4906828391645816, guid: 38efdaadbfe1d624bbee439cb02e7661, type: 3}
      propertyPath: m_LocalRotation.w
      value: 1
      objectReference: {fileID: 0}
    - target: {fileID: 4906828391645816, guid: 38efdaadbfe1d624bbee439cb02e7661, type: 3}
      propertyPath: m_RootOrder
      value: 0
      objectReference: {fileID: 0}
    - target: {fileID: 4906828391645816, guid: 38efdaadbfe1d624bbee439cb02e7661, type: 3}
      propertyPath: m_LocalEulerAnglesHint.x
      value: 0
      objectReference: {fileID: 0}
    - target: {fileID: 4906828391645816, guid: 38efdaadbfe1d624bbee439cb02e7661, type: 3}
      propertyPath: m_LocalEulerAnglesHint.y
      value: 0
      objectReference: {fileID: 0}
    - target: {fileID: 4906828391645816, guid: 38efdaadbfe1d624bbee439cb02e7661, type: 3}
      propertyPath: m_LocalEulerAnglesHint.z
      value: 0
      objectReference: {fileID: 0}
    - target: {fileID: 4906828391645816, guid: 38efdaadbfe1d624bbee439cb02e7661, type: 3}
      propertyPath: m_LocalScale.x
      value: 3.5000029
      objectReference: {fileID: 0}
    - target: {fileID: 4906828391645816, guid: 38efdaadbfe1d624bbee439cb02e7661, type: 3}
      propertyPath: m_LocalScale.y
      value: 3.5
      objectReference: {fileID: 0}
    - target: {fileID: 4906828391645816, guid: 38efdaadbfe1d624bbee439cb02e7661, type: 3}
      propertyPath: m_LocalScale.z
      value: 3.5000029
      objectReference: {fileID: 0}
    m_RemovedComponents: []
  m_SourcePrefab: {fileID: 100100000, guid: 38efdaadbfe1d624bbee439cb02e7661, type: 3}
--- !u!4 &2233702788353395175 stripped
Transform:
  m_CorrespondingSourceObject: {fileID: 4906828391645816, guid: 38efdaadbfe1d624bbee439cb02e7661,
    type: 3}
  m_PrefabInstance: {fileID: 2228958996995804063}
  m_PrefabAsset: {fileID: 0}
--- !u!95 &2286847814303583285 stripped
Animator:
  m_CorrespondingSourceObject: {fileID: 95237074988894122, guid: 38efdaadbfe1d624bbee439cb02e7661,
    type: 3}
  m_PrefabInstance: {fileID: 2228958996995804063}
  m_PrefabAsset: {fileID: 0}
--- !u!1001 &2717157561650164931
PrefabInstance:
  m_ObjectHideFlags: 0
  serializedVersion: 2
  m_Modification:
    m_TransformParent: {fileID: 2228958995755268843}
    m_Modifications:
    - target: {fileID: 5622052414845576267, guid: 1fba4b3d8f759f347a70c334e8a36f92,
        type: 3}
      propertyPath: m_LocalPosition.x
      value: 0
      objectReference: {fileID: 0}
    - target: {fileID: 5622052414845576267, guid: 1fba4b3d8f759f347a70c334e8a36f92,
        type: 3}
      propertyPath: m_LocalPosition.y
      value: 1
      objectReference: {fileID: 0}
    - target: {fileID: 5622052414845576267, guid: 1fba4b3d8f759f347a70c334e8a36f92,
        type: 3}
      propertyPath: m_LocalPosition.z
      value: 0
      objectReference: {fileID: 0}
    - target: {fileID: 5622052414845576267, guid: 1fba4b3d8f759f347a70c334e8a36f92,
        type: 3}
      propertyPath: m_LocalRotation.x
      value: 0.7071068
      objectReference: {fileID: 0}
    - target: {fileID: 5622052414845576267, guid: 1fba4b3d8f759f347a70c334e8a36f92,
        type: 3}
      propertyPath: m_LocalRotation.y
      value: 0
      objectReference: {fileID: 0}
    - target: {fileID: 5622052414845576267, guid: 1fba4b3d8f759f347a70c334e8a36f92,
        type: 3}
      propertyPath: m_LocalRotation.z
      value: 0
      objectReference: {fileID: 0}
    - target: {fileID: 5622052414845576267, guid: 1fba4b3d8f759f347a70c334e8a36f92,
        type: 3}
      propertyPath: m_LocalRotation.w
      value: 0.7071068
      objectReference: {fileID: 0}
    - target: {fileID: 5622052414845576267, guid: 1fba4b3d8f759f347a70c334e8a36f92,
        type: 3}
      propertyPath: m_RootOrder
      value: 7
      objectReference: {fileID: 0}
    - target: {fileID: 5622052414845576267, guid: 1fba4b3d8f759f347a70c334e8a36f92,
        type: 3}
      propertyPath: m_LocalEulerAnglesHint.x
      value: 90
      objectReference: {fileID: 0}
    - target: {fileID: 5622052414845576267, guid: 1fba4b3d8f759f347a70c334e8a36f92,
        type: 3}
      propertyPath: m_LocalEulerAnglesHint.y
      value: 0
      objectReference: {fileID: 0}
    - target: {fileID: 5622052414845576267, guid: 1fba4b3d8f759f347a70c334e8a36f92,
        type: 3}
      propertyPath: m_LocalEulerAnglesHint.z
      value: 0
      objectReference: {fileID: 0}
    - target: {fileID: 7597347652435053534, guid: 1fba4b3d8f759f347a70c334e8a36f92,
        type: 3}
      propertyPath: m_Name
      value: MonsterMarker
      objectReference: {fileID: 0}
    m_RemovedComponents: []
  m_SourcePrefab: {fileID: 100100000, guid: 1fba4b3d8f759f347a70c334e8a36f92, type: 3}
--- !u!1 &5537873966202797853 stripped
GameObject:
  m_CorrespondingSourceObject: {fileID: 7597347652435053534, guid: 1fba4b3d8f759f347a70c334e8a36f92,
    type: 3}
  m_PrefabInstance: {fileID: 2717157561650164931}
  m_PrefabAsset: {fileID: 0}
--- !u!4 &7759916037055959176 stripped
Transform:
  m_CorrespondingSourceObject: {fileID: 5622052414845576267, guid: 1fba4b3d8f759f347a70c334e8a36f92,
    type: 3}
  m_PrefabInstance: {fileID: 2717157561650164931}
  m_PrefabAsset: {fileID: 0}
--- !u!1001 &7182523144835576403
PrefabInstance:
  m_ObjectHideFlags: 0
  serializedVersion: 2
  m_Modification:
    m_TransformParent: {fileID: 2228958995755268843}
    m_Modifications:
    - target: {fileID: 565065058902727972, guid: b6a8bf87a99ee2f4684dc969e2bde919,
        type: 3}
      propertyPath: m_LocalPosition.x
      value: 0
      objectReference: {fileID: 0}
    - target: {fileID: 565065058902727972, guid: b6a8bf87a99ee2f4684dc969e2bde919,
        type: 3}
      propertyPath: m_LocalPosition.y
      value: 0
      objectReference: {fileID: 0}
    - target: {fileID: 565065058902727972, guid: b6a8bf87a99ee2f4684dc969e2bde919,
        type: 3}
      propertyPath: m_LocalPosition.z
      value: 0
      objectReference: {fileID: 0}
    - target: {fileID: 565065058902727972, guid: b6a8bf87a99ee2f4684dc969e2bde919,
        type: 3}
      propertyPath: m_LocalRotation.x
      value: 0
      objectReference: {fileID: 0}
    - target: {fileID: 565065058902727972, guid: b6a8bf87a99ee2f4684dc969e2bde919,
        type: 3}
      propertyPath: m_LocalRotation.y
      value: 0
      objectReference: {fileID: 0}
    - target: {fileID: 565065058902727972, guid: b6a8bf87a99ee2f4684dc969e2bde919,
        type: 3}
      propertyPath: m_LocalRotation.z
      value: 0
      objectReference: {fileID: 0}
    - target: {fileID: 565065058902727972, guid: b6a8bf87a99ee2f4684dc969e2bde919,
        type: 3}
      propertyPath: m_LocalRotation.w
      value: 1
      objectReference: {fileID: 0}
    - target: {fileID: 565065058902727972, guid: b6a8bf87a99ee2f4684dc969e2bde919,
        type: 3}
      propertyPath: m_RootOrder
      value: 1
      objectReference: {fileID: 0}
    - target: {fileID: 565065058902727972, guid: b6a8bf87a99ee2f4684dc969e2bde919,
        type: 3}
      propertyPath: m_LocalEulerAnglesHint.x
      value: 0
      objectReference: {fileID: 0}
    - target: {fileID: 565065058902727972, guid: b6a8bf87a99ee2f4684dc969e2bde919,
        type: 3}
      propertyPath: m_LocalEulerAnglesHint.y
      value: 0
      objectReference: {fileID: 0}
    - target: {fileID: 565065058902727972, guid: b6a8bf87a99ee2f4684dc969e2bde919,
        type: 3}
      propertyPath: m_LocalEulerAnglesHint.z
      value: 0
      objectReference: {fileID: 0}
    - target: {fileID: 565065058902727972, guid: b6a8bf87a99ee2f4684dc969e2bde919,
        type: 3}
      propertyPath: m_AnchoredPosition.x
      value: 0
      objectReference: {fileID: 0}
    - target: {fileID: 565065058902727972, guid: b6a8bf87a99ee2f4684dc969e2bde919,
        type: 3}
      propertyPath: m_AnchoredPosition.y
      value: 7.5
      objectReference: {fileID: 0}
    - target: {fileID: 565065058902727972, guid: b6a8bf87a99ee2f4684dc969e2bde919,
        type: 3}
      propertyPath: m_SizeDelta.x
      value: 100
      objectReference: {fileID: 0}
    - target: {fileID: 565065058902727972, guid: b6a8bf87a99ee2f4684dc969e2bde919,
        type: 3}
      propertyPath: m_SizeDelta.y
      value: 100
      objectReference: {fileID: 0}
    - target: {fileID: 565065058902727972, guid: b6a8bf87a99ee2f4684dc969e2bde919,
        type: 3}
      propertyPath: m_AnchorMin.x
      value: 0.5
      objectReference: {fileID: 0}
    - target: {fileID: 565065058902727972, guid: b6a8bf87a99ee2f4684dc969e2bde919,
        type: 3}
      propertyPath: m_AnchorMin.y
      value: 0.5
      objectReference: {fileID: 0}
    - target: {fileID: 565065058902727972, guid: b6a8bf87a99ee2f4684dc969e2bde919,
        type: 3}
      propertyPath: m_AnchorMax.x
      value: 0.5
      objectReference: {fileID: 0}
    - target: {fileID: 565065058902727972, guid: b6a8bf87a99ee2f4684dc969e2bde919,
        type: 3}
      propertyPath: m_AnchorMax.y
      value: 0.5
      objectReference: {fileID: 0}
    - target: {fileID: 565065058902727972, guid: b6a8bf87a99ee2f4684dc969e2bde919,
        type: 3}
      propertyPath: m_Pivot.x
      value: 0.5
      objectReference: {fileID: 0}
    - target: {fileID: 565065058902727972, guid: b6a8bf87a99ee2f4684dc969e2bde919,
        type: 3}
      propertyPath: m_Pivot.y
      value: 0.5
      objectReference: {fileID: 0}
    - target: {fileID: 565065058902727992, guid: b6a8bf87a99ee2f4684dc969e2bde919,
        type: 3}
      propertyPath: m_Name
      value: Status
      objectReference: {fileID: 0}
    - target: {fileID: 565065059327695724, guid: b6a8bf87a99ee2f4684dc969e2bde919,
        type: 3}
      propertyPath: m_FillAmount
      value: 1
      objectReference: {fileID: 0}
    - target: {fileID: 565065059327695724, guid: b6a8bf87a99ee2f4684dc969e2bde919,
        type: 3}
      propertyPath: m_FillOrigin
      value: 0
      objectReference: {fileID: 0}
    m_RemovedComponents: []
  m_SourcePrefab: {fileID: 100100000, guid: b6a8bf87a99ee2f4684dc969e2bde919, type: 3}
--- !u!224 &7240364417006956407 stripped
RectTransform:
  m_CorrespondingSourceObject: {fileID: 565065058902727972, guid: b6a8bf87a99ee2f4684dc969e2bde919,
    type: 3}
  m_PrefabInstance: {fileID: 7182523144835576403}
  m_PrefabAsset: {fileID: 0}
--- !u!114 &7240364417006956405 stripped
MonoBehaviour:
  m_CorrespondingSourceObject: {fileID: 565065058902727974, guid: b6a8bf87a99ee2f4684dc969e2bde919,
    type: 3}
  m_PrefabInstance: {fileID: 7182523144835576403}
  m_PrefabAsset: {fileID: 0}
  m_GameObject: {fileID: 0}
  m_Enabled: 1
  m_EditorHideFlags: 0
  m_Script: {fileID: 11500000, guid: 40ffa2e2a1c6fff4b94b3a6b6c8f105f, type: 3}
  m_Name: 
  m_EditorClassIdentifier: 
