%YAML 1.1
%TAG !u! tag:unity3d.com,2011:
--- !u!1 &3618654206194401516
GameObject:
  m_ObjectHideFlags: 0
  m_CorrespondingSourceObject: {fileID: 0}
  m_PrefabInstance: {fileID: 0}
  m_PrefabAsset: {fileID: 0}
  serializedVersion: 6
  m_Component:
  - component: {fileID: 3964831899190113506}
  - component: {fileID: 7152220369108947372}
  m_Layer: 0
  m_Name: Lilypads
  m_TagString: Untagged
  m_Icon: {fileID: 0}
  m_NavMeshLayer: 0
  m_StaticEditorFlags: 0
  m_IsActive: 1
--- !u!4 &3964831899190113506
Transform:
  m_ObjectHideFlags: 0
  m_CorrespondingSourceObject: {fileID: 0}
  m_PrefabInstance: {fileID: 0}
  m_PrefabAsset: {fileID: 0}
  m_GameObject: {fileID: 3618654206194401516}
  m_LocalRotation: {x: 0, y: 0, z: 0, w: 1}
  m_LocalPosition: {x: 0, y: 0, z: 0}
  m_LocalScale: {x: 1, y: 1, z: 1}
  m_Children:
  - {fileID: 8142952554751719817}
  - {fileID: 2526990263468082900}
  m_Father: {fileID: 0}
  m_RootOrder: 0
  m_LocalEulerAnglesHint: {x: 0, y: 0, z: 0}
--- !u!114 &7152220369108947372
MonoBehaviour:
  m_ObjectHideFlags: 0
  m_CorrespondingSourceObject: {fileID: 0}
  m_PrefabInstance: {fileID: 0}
  m_PrefabAsset: {fileID: 0}
  m_GameObject: {fileID: 3618654206194401516}
  m_Enabled: 1
  m_EditorHideFlags: 0
  m_Script: {fileID: 11500000, guid: d8be688537cf36e41ac99440f8394674, type: 3}
  m_Name: 
  m_EditorClassIdentifier: 
  OptionalItems:
  - {fileID: 6212122944674425582}
  - {fileID: 8145021960067303505}
  - {fileID: 2529006643386414860}
  RemovalChance: 0.3
  RotationRange: {x: 0, y: 360}
  ScaleRange: {x: 0.9, y: 1.4}
--- !u!1001 &2530958383929867454
PrefabInstance:
  m_ObjectHideFlags: 0
  serializedVersion: 2
  m_Modification:
    m_TransformParent: {fileID: 3964831899190113506}
    m_Modifications:
    - target: {fileID: 1991322978864050, guid: c9bb692f8b5490743a59d75a7995b81c, type: 3}
      propertyPath: m_Name
      value: SNature_LiliPad (1)
      objectReference: {fileID: 0}
    - target: {fileID: 4056631433067114, guid: c9bb692f8b5490743a59d75a7995b81c, type: 3}
      propertyPath: m_LocalPosition.x
      value: -2.02
      objectReference: {fileID: 0}
    - target: {fileID: 4056631433067114, guid: c9bb692f8b5490743a59d75a7995b81c, type: 3}
      propertyPath: m_LocalPosition.y
      value: -0.75
      objectReference: {fileID: 0}
    - target: {fileID: 4056631433067114, guid: c9bb692f8b5490743a59d75a7995b81c, type: 3}
      propertyPath: m_LocalPosition.z
      value: 1.81
      objectReference: {fileID: 0}
    - target: {fileID: 4056631433067114, guid: c9bb692f8b5490743a59d75a7995b81c, type: 3}
      propertyPath: m_LocalRotation.x
      value: -0
      objectReference: {fileID: 0}
    - target: {fileID: 4056631433067114, guid: c9bb692f8b5490743a59d75a7995b81c, type: 3}
      propertyPath: m_LocalRotation.y
      value: -0.83667684
      objectReference: {fileID: 0}
    - target: {fileID: 4056631433067114, guid: c9bb692f8b5490743a59d75a7995b81c, type: 3}
      propertyPath: m_LocalRotation.z
      value: -0
      objectReference: {fileID: 0}
    - target: {fileID: 4056631433067114, guid: c9bb692f8b5490743a59d75a7995b81c, type: 3}
      propertyPath: m_LocalRotation.w
      value: 0.54769695
      objectReference: {fileID: 0}
    - target: {fileID: 4056631433067114, guid: c9bb692f8b5490743a59d75a7995b81c, type: 3}
      propertyPath: m_RootOrder
      value: 1
      objectReference: {fileID: 0}
    - target: {fileID: 4056631433067114, guid: c9bb692f8b5490743a59d75a7995b81c, type: 3}
      propertyPath: m_LocalEulerAnglesHint.x
      value: 0
      objectReference: {fileID: 0}
    - target: {fileID: 4056631433067114, guid: c9bb692f8b5490743a59d75a7995b81c, type: 3}
      propertyPath: m_LocalEulerAnglesHint.y
      value: -113.58201
      objectReference: {fileID: 0}
    - target: {fileID: 4056631433067114, guid: c9bb692f8b5490743a59d75a7995b81c, type: 3}
      propertyPath: m_LocalEulerAnglesHint.z
      value: 0
      objectReference: {fileID: 0}
    - target: {fileID: 4056631433067114, guid: c9bb692f8b5490743a59d75a7995b81c, type: 3}
      propertyPath: m_LocalScale.x
      value: 1.1
      objectReference: {fileID: 0}
    - target: {fileID: 4056631433067114, guid: c9bb692f8b5490743a59d75a7995b81c, type: 3}
      propertyPath: m_LocalScale.y
      value: 1.1
      objectReference: {fileID: 0}
    - target: {fileID: 4056631433067114, guid: c9bb692f8b5490743a59d75a7995b81c, type: 3}
      propertyPath: m_LocalScale.z
      value: 1.1
      objectReference: {fileID: 0}
    m_RemovedComponents: []
  m_SourcePrefab: {fileID: 100100000, guid: c9bb692f8b5490743a59d75a7995b81c, type: 3}
--- !u!1 &2529006643386414860 stripped
GameObject:
  m_CorrespondingSourceObject: {fileID: 1991322978864050, guid: c9bb692f8b5490743a59d75a7995b81c,
    type: 3}
  m_PrefabInstance: {fileID: 2530958383929867454}
  m_PrefabAsset: {fileID: 0}
--- !u!4 &2526990263468082900 stripped
Transform:
  m_CorrespondingSourceObject: {fileID: 4056631433067114, guid: c9bb692f8b5490743a59d75a7995b81c,
    type: 3}
  m_PrefabInstance: {fileID: 2530958383929867454}
  m_PrefabAsset: {fileID: 0}
--- !u!1001 &6211459598014174636
PrefabInstance:
  m_ObjectHideFlags: 0
  serializedVersion: 2
  m_Modification:
    m_TransformParent: {fileID: 8142952554751719817}
    m_Modifications:
    - target: {fileID: 1809244605923138, guid: e896a7f6f83380b40972e13f5039022a, type: 3}
      propertyPath: m_Name
      value: SNature_LiliBlossom
      objectReference: {fileID: 0}
    - target: {fileID: 4934608945764068, guid: e896a7f6f83380b40972e13f5039022a, type: 3}
      propertyPath: m_LocalPosition.x
      value: 0
      objectReference: {fileID: 0}
    - target: {fileID: 4934608945764068, guid: e896a7f6f83380b40972e13f5039022a, type: 3}
      propertyPath: m_LocalPosition.y
      value: 0.015
      objectReference: {fileID: 0}
    - target: {fileID: 4934608945764068, guid: e896a7f6f83380b40972e13f5039022a, type: 3}
      propertyPath: m_LocalPosition.z
      value: 0
      objectReference: {fileID: 0}
    - target: {fileID: 4934608945764068, guid: e896a7f6f83380b40972e13f5039022a, type: 3}
      propertyPath: m_LocalRotation.x
      value: -0
      objectReference: {fileID: 0}
    - target: {fileID: 4934608945764068, guid: e896a7f6f83380b40972e13f5039022a, type: 3}
      propertyPath: m_LocalRotation.y
      value: -0
      objectReference: {fileID: 0}
    - target: {fileID: 4934608945764068, guid: e896a7f6f83380b40972e13f5039022a, type: 3}
      propertyPath: m_LocalRotation.z
      value: -0
      objectReference: {fileID: 0}
    - target: {fileID: 4934608945764068, guid: e896a7f6f83380b40972e13f5039022a, type: 3}
      propertyPath: m_LocalRotation.w
      value: 1
      objectReference: {fileID: 0}
    - target: {fileID: 4934608945764068, guid: e896a7f6f83380b40972e13f5039022a, type: 3}
      propertyPath: m_RootOrder
      value: 0
      objectReference: {fileID: 0}
    - target: {fileID: 4934608945764068, guid: e896a7f6f83380b40972e13f5039022a, type: 3}
      propertyPath: m_LocalEulerAnglesHint.x
      value: 0
      objectReference: {fileID: 0}
    - target: {fileID: 4934608945764068, guid: e896a7f6f83380b40972e13f5039022a, type: 3}
      propertyPath: m_LocalEulerAnglesHint.y
      value: 0
      objectReference: {fileID: 0}
    - target: {fileID: 4934608945764068, guid: e896a7f6f83380b40972e13f5039022a, type: 3}
      propertyPath: m_LocalEulerAnglesHint.z
      value: 0
      objectReference: {fileID: 0}
    - target: {fileID: 4934608945764068, guid: e896a7f6f83380b40972e13f5039022a, type: 3}
      propertyPath: m_LocalScale.x
      value: 1.6666665
      objectReference: {fileID: 0}
    - target: {fileID: 4934608945764068, guid: e896a7f6f83380b40972e13f5039022a, type: 3}
      propertyPath: m_LocalScale.y
      value: 1.6666665
      objectReference: {fileID: 0}
    - target: {fileID: 4934608945764068, guid: e896a7f6f83380b40972e13f5039022a, type: 3}
      propertyPath: m_LocalScale.z
      value: 1.6666665
      objectReference: {fileID: 0}
    m_RemovedComponents: []
  m_SourcePrefab: {fileID: 100100000, guid: e896a7f6f83380b40972e13f5039022a, type: 3}
--- !u!1 &6212122944674425582 stripped
GameObject:
  m_CorrespondingSourceObject: {fileID: 1809244605923138, guid: e896a7f6f83380b40972e13f5039022a,
    type: 3}
  m_PrefabInstance: {fileID: 6211459598014174636}
  m_PrefabAsset: {fileID: 0}
--- !u!1001 &8147008738953823203
PrefabInstance:
  m_ObjectHideFlags: 0
  serializedVersion: 2
  m_Modification:
    m_TransformParent: {fileID: 3964831899190113506}
    m_Modifications:
    - target: {fileID: 1991322978864050, guid: c9bb692f8b5490743a59d75a7995b81c, type: 3}
      propertyPath: m_Name
      value: SNature_LiliPad
      objectReference: {fileID: 0}
    - target: {fileID: 4056631433067114, guid: c9bb692f8b5490743a59d75a7995b81c, type: 3}
      propertyPath: m_LocalPosition.x
      value: 0.8015
      objectReference: {fileID: 0}
    - target: {fileID: 4056631433067114, guid: c9bb692f8b5490743a59d75a7995b81c, type: 3}
      propertyPath: m_LocalPosition.y
      value: -0.75
      objectReference: {fileID: 0}
    - target: {fileID: 4056631433067114, guid: c9bb692f8b5490743a59d75a7995b81c, type: 3}
      propertyPath: m_LocalPosition.z
      value: -0.336
      objectReference: {fileID: 0}
    - target: {fileID: 4056631433067114, guid: c9bb692f8b5490743a59d75a7995b81c, type: 3}
      propertyPath: m_LocalRotation.x
      value: -0
      objectReference: {fileID: 0}
    - target: {fileID: 4056631433067114, guid: c9bb692f8b5490743a59d75a7995b81c, type: 3}
      propertyPath: m_LocalRotation.y
      value: 0.44290912
      objectReference: {fileID: 0}
    - target: {fileID: 4056631433067114, guid: c9bb692f8b5490743a59d75a7995b81c, type: 3}
      propertyPath: m_LocalRotation.z
      value: -0
      objectReference: {fileID: 0}
    - target: {fileID: 4056631433067114, guid: c9bb692f8b5490743a59d75a7995b81c, type: 3}
      propertyPath: m_LocalRotation.w
      value: 0.8965665
      objectReference: {fileID: 0}
    - target: {fileID: 4056631433067114, guid: c9bb692f8b5490743a59d75a7995b81c, type: 3}
      propertyPath: m_RootOrder
      value: 0
      objectReference: {fileID: 0}
    - target: {fileID: 4056631433067114, guid: c9bb692f8b5490743a59d75a7995b81c, type: 3}
      propertyPath: m_LocalEulerAnglesHint.x
      value: 0
      objectReference: {fileID: 0}
    - target: {fileID: 4056631433067114, guid: c9bb692f8b5490743a59d75a7995b81c, type: 3}
      propertyPath: m_LocalEulerAnglesHint.y
      value: 52.579002
      objectReference: {fileID: 0}
    - target: {fileID: 4056631433067114, guid: c9bb692f8b5490743a59d75a7995b81c, type: 3}
      propertyPath: m_LocalEulerAnglesHint.z
      value: 0
      objectReference: {fileID: 0}
    - target: {fileID: 4056631433067114, guid: c9bb692f8b5490743a59d75a7995b81c, type: 3}
      propertyPath: m_LocalScale.x
      value: 2.1000006
      objectReference: {fileID: 0}
    - target: {fileID: 4056631433067114, guid: c9bb692f8b5490743a59d75a7995b81c, type: 3}
      propertyPath: m_LocalScale.y
      value: 2.1000001
      objectReference: {fileID: 0}
    - target: {fileID: 4056631433067114, guid: c9bb692f8b5490743a59d75a7995b81c, type: 3}
      propertyPath: m_LocalScale.z
      value: 2.1000006
      objectReference: {fileID: 0}
    m_RemovedComponents: []
  m_SourcePrefab: {fileID: 100100000, guid: c9bb692f8b5490743a59d75a7995b81c, type: 3}
--- !u!1 &8145021960067303505 stripped
GameObject:
  m_CorrespondingSourceObject: {fileID: 1991322978864050, guid: c9bb692f8b5490743a59d75a7995b81c,
    type: 3}
  m_PrefabInstance: {fileID: 8147008738953823203}
  m_PrefabAsset: {fileID: 0}
--- !u!4 &8142952554751719817 stripped
Transform:
  m_CorrespondingSourceObject: {fileID: 4056631433067114, guid: c9bb692f8b5490743a59d75a7995b81c,
    type: 3}
  m_PrefabInstance: {fileID: 8147008738953823203}
  m_PrefabAsset: {fileID: 0}
