%YAML 1.1
%TAG !u! tag:unity3d.com,2011:
--- !u!1 &1412050053467954809
GameObject:
  m_ObjectHideFlags: 0
  m_CorrespondingSourceObject: {fileID: 0}
  m_PrefabInstance: {fileID: 0}
  m_PrefabAsset: {fileID: 0}
  serializedVersion: 6
  m_Component:
  - component: {fileID: 1675015739172559198}
  - component: {fileID: 8736482220059022722}
  m_Layer: 0
  m_Name: MossRock
  m_TagString: Untagged
  m_Icon: {fileID: 0}
  m_NavMeshLayer: 0
  m_StaticEditorFlags: 0
  m_IsActive: 1
--- !u!4 &1675015739172559198
Transform:
  m_ObjectHideFlags: 0
  m_CorrespondingSourceObject: {fileID: 0}
  m_PrefabInstance: {fileID: 0}
  m_PrefabAsset: {fileID: 0}
  m_GameObject: {fileID: 1412050053467954809}
  m_LocalRotation: {x: 0, y: 0, z: 0, w: 1}
  m_LocalPosition: {x: 0, y: 0, z: 0}
  m_LocalScale: {x: 1, y: 1, z: 1}
  m_Children:
  - {fileID: 5548077452191838943}
  - {fileID: 8264217159163090150}
  m_Father: {fileID: 0}
  m_RootOrder: 0
  m_LocalEulerAnglesHint: {x: 0, y: 0, z: 0}
--- !u!114 &8736482220059022722
MonoBehaviour:
  m_ObjectHideFlags: 0
  m_CorrespondingSourceObject: {fileID: 0}
  m_PrefabInstance: {fileID: 0}
  m_PrefabAsset: {fileID: 0}
  m_GameObject: {fileID: 1412050053467954809}
  m_Enabled: 1
  m_EditorHideFlags: 0
  m_Script: {fileID: 11500000, guid: d8be688537cf36e41ac99440f8394674, type: 3}
  m_Name: 
  m_EditorClassIdentifier: 
  OptionalItems:
  - {fileID: 8260873186429473882}
  RemovalChance: 0.9
  RotationRange: {x: 0, y: 360}
  ScaleRange: {x: 0.4, y: 1.5}
--- !u!1001 &5544249621925510173
PrefabInstance:
  m_ObjectHideFlags: 0
  serializedVersion: 2
  m_Modification:
    m_TransformParent: {fileID: 1675015739172559198}
    m_Modifications:
    - target: {fileID: 1731474200146382, guid: 68e8c0f1e23f3f74781154a91fcce3aa, type: 3}
      propertyPath: m_Name
      value: SNature_MossRocks2
      objectReference: {fileID: 0}
    - target: {fileID: 4392154634456770, guid: 68e8c0f1e23f3f74781154a91fcce3aa, type: 3}
      propertyPath: m_LocalPosition.x
      value: 0
      objectReference: {fileID: 0}
    - target: {fileID: 4392154634456770, guid: 68e8c0f1e23f3f74781154a91fcce3aa, type: 3}
      propertyPath: m_LocalPosition.y
      value: -2.23
      objectReference: {fileID: 0}
    - target: {fileID: 4392154634456770, guid: 68e8c0f1e23f3f74781154a91fcce3aa, type: 3}
      propertyPath: m_LocalPosition.z
      value: 0
      objectReference: {fileID: 0}
    - target: {fileID: 4392154634456770, guid: 68e8c0f1e23f3f74781154a91fcce3aa, type: 3}
      propertyPath: m_LocalRotation.x
      value: 0
      objectReference: {fileID: 0}
    - target: {fileID: 4392154634456770, guid: 68e8c0f1e23f3f74781154a91fcce3aa, type: 3}
      propertyPath: m_LocalRotation.y
      value: 0
      objectReference: {fileID: 0}
    - target: {fileID: 4392154634456770, guid: 68e8c0f1e23f3f74781154a91fcce3aa, type: 3}
      propertyPath: m_LocalRotation.z
      value: 0
      objectReference: {fileID: 0}
    - target: {fileID: 4392154634456770, guid: 68e8c0f1e23f3f74781154a91fcce3aa, type: 3}
      propertyPath: m_LocalRotation.w
      value: 1
      objectReference: {fileID: 0}
    - target: {fileID: 4392154634456770, guid: 68e8c0f1e23f3f74781154a91fcce3aa, type: 3}
      propertyPath: m_RootOrder
      value: 0
      objectReference: {fileID: 0}
    - target: {fileID: 4392154634456770, guid: 68e8c0f1e23f3f74781154a91fcce3aa, type: 3}
      propertyPath: m_LocalEulerAnglesHint.x
      value: 0
      objectReference: {fileID: 0}
    - target: {fileID: 4392154634456770, guid: 68e8c0f1e23f3f74781154a91fcce3aa, type: 3}
      propertyPath: m_LocalEulerAnglesHint.y
      value: 0
      objectReference: {fileID: 0}
    - target: {fileID: 4392154634456770, guid: 68e8c0f1e23f3f74781154a91fcce3aa, type: 3}
      propertyPath: m_LocalEulerAnglesHint.z
      value: 0
      objectReference: {fileID: 0}
    - target: {fileID: 4392154634456770, guid: 68e8c0f1e23f3f74781154a91fcce3aa, type: 3}
      propertyPath: m_LocalScale.x
      value: 2
      objectReference: {fileID: 0}
    - target: {fileID: 4392154634456770, guid: 68e8c0f1e23f3f74781154a91fcce3aa, type: 3}
      propertyPath: m_LocalScale.y
      value: 2.6
      objectReference: {fileID: 0}
    - target: {fileID: 4392154634456770, guid: 68e8c0f1e23f3f74781154a91fcce3aa, type: 3}
      propertyPath: m_LocalScale.z
      value: 2
      objectReference: {fileID: 0}
    m_RemovedComponents: []
  m_SourcePrefab: {fileID: 100100000, guid: 68e8c0f1e23f3f74781154a91fcce3aa, type: 3}
--- !u!4 &5548077452191838943 stripped
Transform:
  m_CorrespondingSourceObject: {fileID: 4392154634456770, guid: 68e8c0f1e23f3f74781154a91fcce3aa,
    type: 3}
  m_PrefabInstance: {fileID: 5544249621925510173}
  m_PrefabAsset: {fileID: 0}
--- !u!1001 &8259633481390465000
PrefabInstance:
  m_ObjectHideFlags: 0
  serializedVersion: 2
  m_Modification:
    m_TransformParent: {fileID: 1675015739172559198}
    m_Modifications:
    - target: {fileID: 1293605270326194, guid: c72f3f8a9daab2442b7dd148c087d333, type: 3}
      propertyPath: m_Name
      value: SNature_Mushroom
      objectReference: {fileID: 0}
    - target: {fileID: 4637034189228814, guid: c72f3f8a9daab2442b7dd148c087d333, type: 3}
      propertyPath: m_LocalPosition.x
      value: -1.44
      objectReference: {fileID: 0}
    - target: {fileID: 4637034189228814, guid: c72f3f8a9daab2442b7dd148c087d333, type: 3}
      propertyPath: m_LocalPosition.y
      value: 1.19
      objectReference: {fileID: 0}
    - target: {fileID: 4637034189228814, guid: c72f3f8a9daab2442b7dd148c087d333, type: 3}
      propertyPath: m_LocalPosition.z
      value: 0
      objectReference: {fileID: 0}
    - target: {fileID: 4637034189228814, guid: c72f3f8a9daab2442b7dd148c087d333, type: 3}
      propertyPath: m_LocalRotation.x
      value: 0
      objectReference: {fileID: 0}
    - target: {fileID: 4637034189228814, guid: c72f3f8a9daab2442b7dd148c087d333, type: 3}
      propertyPath: m_LocalRotation.y
      value: 0
      objectReference: {fileID: 0}
    - target: {fileID: 4637034189228814, guid: c72f3f8a9daab2442b7dd148c087d333, type: 3}
      propertyPath: m_LocalRotation.z
      value: 0
      objectReference: {fileID: 0}
    - target: {fileID: 4637034189228814, guid: c72f3f8a9daab2442b7dd148c087d333, type: 3}
      propertyPath: m_LocalRotation.w
      value: 1
      objectReference: {fileID: 0}
    - target: {fileID: 4637034189228814, guid: c72f3f8a9daab2442b7dd148c087d333, type: 3}
      propertyPath: m_RootOrder
      value: 1
      objectReference: {fileID: 0}
    - target: {fileID: 4637034189228814, guid: c72f3f8a9daab2442b7dd148c087d333, type: 3}
      propertyPath: m_LocalEulerAnglesHint.x
      value: 0
      objectReference: {fileID: 0}
    - target: {fileID: 4637034189228814, guid: c72f3f8a9daab2442b7dd148c087d333, type: 3}
      propertyPath: m_LocalEulerAnglesHint.y
      value: 0
      objectReference: {fileID: 0}
    - target: {fileID: 4637034189228814, guid: c72f3f8a9daab2442b7dd148c087d333, type: 3}
      propertyPath: m_LocalEulerAnglesHint.z
      value: 0
      objectReference: {fileID: 0}
    - target: {fileID: 4637034189228814, guid: c72f3f8a9daab2442b7dd148c087d333, type: 3}
      propertyPath: m_LocalScale.x
      value: 1.5
      objectReference: {fileID: 0}
    - target: {fileID: 4637034189228814, guid: c72f3f8a9daab2442b7dd148c087d333, type: 3}
      propertyPath: m_LocalScale.y
      value: 1.5
      objectReference: {fileID: 0}
    - target: {fileID: 4637034189228814, guid: c72f3f8a9daab2442b7dd148c087d333, type: 3}
      propertyPath: m_LocalScale.z
      value: 1.5
      objectReference: {fileID: 0}
    m_RemovedComponents: []
  m_SourcePrefab: {fileID: 100100000, guid: c72f3f8a9daab2442b7dd148c087d333, type: 3}
--- !u!1 &8260873186429473882 stripped
GameObject:
  m_CorrespondingSourceObject: {fileID: 1293605270326194, guid: c72f3f8a9daab2442b7dd148c087d333,
    type: 3}
  m_PrefabInstance: {fileID: 8259633481390465000}
  m_PrefabAsset: {fileID: 0}
--- !u!4 &8264217159163090150 stripped
Transform:
  m_CorrespondingSourceObject: {fileID: 4637034189228814, guid: c72f3f8a9daab2442b7dd148c087d333,
    type: 3}
  m_PrefabInstance: {fileID: 8259633481390465000}
  m_PrefabAsset: {fileID: 0}
