%YAML 1.1
%TAG !u! tag:unity3d.com,2011:
--- !u!1 &5528751456314266732
GameObject:
  m_ObjectHideFlags: 0
  m_CorrespondingSourceObject: {fileID: 0}
  m_PrefabInstance: {fileID: 0}
  m_PrefabAsset: {fileID: 0}
  serializedVersion: 6
  m_Component:
  - component: {fileID: 5528751456314266733}
  - component: {fileID: 3111702249123150773}
  m_Layer: 0
  m_Name: Skull Tree
  m_TagString: Untagged
  m_Icon: {fileID: 0}
  m_NavMeshLayer: 0
  m_StaticEditorFlags: 0
  m_IsActive: 1
--- !u!4 &5528751456314266733
Transform:
  m_ObjectHideFlags: 0
  m_CorrespondingSourceObject: {fileID: 0}
  m_PrefabInstance: {fileID: 0}
  m_PrefabAsset: {fileID: 0}
  m_GameObject: {fileID: 5528751456314266732}
  m_LocalRotation: {x: 0, y: 0, z: 0, w: 1}
  m_LocalPosition: {x: 0, y: 0, z: 0}
  m_LocalScale: {x: 1, y: 1, z: 1}
  m_Children:
  - {fileID: 3778383403826777710}
  - {fileID: 4097551072452131531}
  m_Father: {fileID: 0}
  m_RootOrder: 0
  m_LocalEulerAnglesHint: {x: 0, y: 0, z: 0}
--- !u!114 &3111702249123150773
MonoBehaviour:
  m_ObjectHideFlags: 0
  m_CorrespondingSourceObject: {fileID: 0}
  m_PrefabInstance: {fileID: 0}
  m_PrefabAsset: {fileID: 0}
  m_GameObject: {fileID: 5528751456314266732}
  m_Enabled: 1
  m_EditorHideFlags: 0
  m_Script: {fileID: 11500000, guid: d8be688537cf36e41ac99440f8394674, type: 3}
  m_Name: 
  m_EditorClassIdentifier: 
  OptionalItems:
  - {fileID: 4097551072451634923}
  RemovalChance: 0.5
  RotationRange: {x: 0, y: 360}
  ScaleRange: {x: 1, y: 1.1}
--- !u!1001 &5528751457168740559
PrefabInstance:
  m_ObjectHideFlags: 0
  serializedVersion: 2
  m_Modification:
    m_TransformParent: {fileID: 5528751456314266733}
    m_Modifications:
    - target: {fileID: 8707025466778927745, guid: bbd85e700f0f23546bfd0547bf83ad02,
        type: 3}
      propertyPath: m_Name
      value: Tree_Branch
      objectReference: {fileID: 0}
    - target: {fileID: 8707025466779033249, guid: bbd85e700f0f23546bfd0547bf83ad02,
        type: 3}
      propertyPath: m_LocalPosition.x
      value: -1.6
      objectReference: {fileID: 0}
    - target: {fileID: 8707025466779033249, guid: bbd85e700f0f23546bfd0547bf83ad02,
        type: 3}
      propertyPath: m_LocalPosition.y
      value: 0
      objectReference: {fileID: 0}
    - target: {fileID: 8707025466779033249, guid: bbd85e700f0f23546bfd0547bf83ad02,
        type: 3}
      propertyPath: m_LocalPosition.z
      value: 2.9
      objectReference: {fileID: 0}
    - target: {fileID: 8707025466779033249, guid: bbd85e700f0f23546bfd0547bf83ad02,
        type: 3}
      propertyPath: m_LocalRotation.x
      value: -0.00000016216629
      objectReference: {fileID: 0}
    - target: {fileID: 8707025466779033249, guid: bbd85e700f0f23546bfd0547bf83ad02,
        type: 3}
      propertyPath: m_LocalRotation.y
      value: -0.8660254
      objectReference: {fileID: 0}
    - target: {fileID: 8707025466779033249, guid: bbd85e700f0f23546bfd0547bf83ad02,
        type: 3}
      propertyPath: m_LocalRotation.z
      value: -0.00000009362675
      objectReference: {fileID: 0}
    - target: {fileID: 8707025466779033249, guid: bbd85e700f0f23546bfd0547bf83ad02,
        type: 3}
      propertyPath: m_LocalRotation.w
      value: -0.5
      objectReference: {fileID: 0}
    - target: {fileID: 8707025466779033249, guid: bbd85e700f0f23546bfd0547bf83ad02,
        type: 3}
      propertyPath: m_RootOrder
      value: 0
      objectReference: {fileID: 0}
    - target: {fileID: 8707025466779033249, guid: bbd85e700f0f23546bfd0547bf83ad02,
        type: 3}
      propertyPath: m_LocalEulerAnglesHint.x
      value: 180
      objectReference: {fileID: 0}
    - target: {fileID: 8707025466779033249, guid: bbd85e700f0f23546bfd0547bf83ad02,
        type: 3}
      propertyPath: m_LocalEulerAnglesHint.y
      value: -60
      objectReference: {fileID: 0}
    - target: {fileID: 8707025466779033249, guid: bbd85e700f0f23546bfd0547bf83ad02,
        type: 3}
      propertyPath: m_LocalEulerAnglesHint.z
      value: 180.00002
      objectReference: {fileID: 0}
    - target: {fileID: 8707025466779033249, guid: bbd85e700f0f23546bfd0547bf83ad02,
        type: 3}
      propertyPath: m_LocalScale.x
      value: 1000
      objectReference: {fileID: 0}
    - target: {fileID: 8707025466779033249, guid: bbd85e700f0f23546bfd0547bf83ad02,
        type: 3}
      propertyPath: m_LocalScale.z
      value: 1200
      objectReference: {fileID: 0}
    - target: {fileID: 8707025466779033249, guid: bbd85e700f0f23546bfd0547bf83ad02,
        type: 3}
      propertyPath: m_LocalScale.y
      value: 950
      objectReference: {fileID: 0}
    m_RemovedComponents:
    - {fileID: 8707025466778927744, guid: bbd85e700f0f23546bfd0547bf83ad02, type: 3}
  m_SourcePrefab: {fileID: 100100000, guid: bbd85e700f0f23546bfd0547bf83ad02, type: 3}
--- !u!4 &3778383403826777710 stripped
Transform:
  m_CorrespondingSourceObject: {fileID: 8707025466779033249, guid: bbd85e700f0f23546bfd0547bf83ad02,
    type: 3}
  m_PrefabInstance: {fileID: 5528751457168740559}
  m_PrefabAsset: {fileID: 0}
--- !u!1001 &5528751457482830983
PrefabInstance:
  m_ObjectHideFlags: 0
  serializedVersion: 2
  m_Modification:
    m_TransformParent: {fileID: 5528751456314266733}
    m_Modifications:
    - target: {fileID: 8387812288188927564, guid: a13b8883072533940b5bcfde3cbc03a0,
        type: 3}
      propertyPath: m_LocalPosition.x
      value: -1.9
      objectReference: {fileID: 0}
    - target: {fileID: 8387812288188927564, guid: a13b8883072533940b5bcfde3cbc03a0,
        type: 3}
      propertyPath: m_LocalPosition.y
      value: 0
      objectReference: {fileID: 0}
    - target: {fileID: 8387812288188927564, guid: a13b8883072533940b5bcfde3cbc03a0,
        type: 3}
      propertyPath: m_LocalPosition.z
      value: 2
      objectReference: {fileID: 0}
    - target: {fileID: 8387812288188927564, guid: a13b8883072533940b5bcfde3cbc03a0,
        type: 3}
      propertyPath: m_LocalRotation.x
      value: -0.6663626
      objectReference: {fileID: 0}
    - target: {fileID: 8387812288188927564, guid: a13b8883072533940b5bcfde3cbc03a0,
        type: 3}
      propertyPath: m_LocalRotation.y
      value: -0.23656052
      objectReference: {fileID: 0}
    - target: {fileID: 8387812288188927564, guid: a13b8883072533940b5bcfde3cbc03a0,
        type: 3}
      propertyPath: m_LocalRotation.z
      value: -0.23656052
      objectReference: {fileID: 0}
    - target: {fileID: 8387812288188927564, guid: a13b8883072533940b5bcfde3cbc03a0,
        type: 3}
      propertyPath: m_LocalRotation.w
      value: 0.6663626
      objectReference: {fileID: 0}
    - target: {fileID: 8387812288188927564, guid: a13b8883072533940b5bcfde3cbc03a0,
        type: 3}
      propertyPath: m_RootOrder
      value: 1
      objectReference: {fileID: 0}
    - target: {fileID: 8387812288188927564, guid: a13b8883072533940b5bcfde3cbc03a0,
        type: 3}
      propertyPath: m_LocalEulerAnglesHint.x
      value: -90
      objectReference: {fileID: 0}
    - target: {fileID: 8387812288188927564, guid: a13b8883072533940b5bcfde3cbc03a0,
        type: 3}
      propertyPath: m_LocalEulerAnglesHint.y
      value: -39.09
      objectReference: {fileID: 0}
    - target: {fileID: 8387812288188927564, guid: a13b8883072533940b5bcfde3cbc03a0,
        type: 3}
      propertyPath: m_LocalEulerAnglesHint.z
      value: 0
      objectReference: {fileID: 0}
    - target: {fileID: 8387812288188927564, guid: a13b8883072533940b5bcfde3cbc03a0,
        type: 3}
      propertyPath: m_LocalScale.x
      value: 900
      objectReference: {fileID: 0}
    - target: {fileID: 8387812288188927564, guid: a13b8883072533940b5bcfde3cbc03a0,
        type: 3}
      propertyPath: m_LocalScale.y
      value: 900
      objectReference: {fileID: 0}
    - target: {fileID: 8387812288188927564, guid: a13b8883072533940b5bcfde3cbc03a0,
        type: 3}
      propertyPath: m_LocalScale.z
      value: 900
      objectReference: {fileID: 0}
    - target: {fileID: 8387812288189420140, guid: a13b8883072533940b5bcfde3cbc03a0,
        type: 3}
      propertyPath: m_Name
      value: Skull
      objectReference: {fileID: 0}
    m_RemovedComponents:
    - {fileID: 8387812288189420139, guid: a13b8883072533940b5bcfde3cbc03a0, type: 3}
  m_SourcePrefab: {fileID: 100100000, guid: a13b8883072533940b5bcfde3cbc03a0, type: 3}
--- !u!1 &4097551072451634923 stripped
GameObject:
  m_CorrespondingSourceObject: {fileID: 8387812288189420140, guid: a13b8883072533940b5bcfde3cbc03a0,
    type: 3}
  m_PrefabInstance: {fileID: 5528751457482830983}
  m_PrefabAsset: {fileID: 0}
--- !u!4 &4097551072452131531 stripped
Transform:
  m_CorrespondingSourceObject: {fileID: 8387812288188927564, guid: a13b8883072533940b5bcfde3cbc03a0,
    type: 3}
  m_PrefabInstance: {fileID: 5528751457482830983}
  m_PrefabAsset: {fileID: 0}
